@article{FADA-CHL,
  author = 	 {Bruno Casemiro Kurzawe, Christine Vieira Scarpato},
  title = 	 {FADA-CHL: FERRAMENTA PARA ANÁLISE DE DESEMPENHO 
E COMPARAÇÃO DOS ALGORITMOS DE COMPACTAÇÃO SEM 
PERDA HUFFMAN E LZW},
  publisher =    {Periódicos UNESC},
  year = 	 {2012},
  editor = 	 {Prof MSc Ana Claudia Garcia Barbosa, Prof MSc Luciano Antunes, Prof Dra Merisandra Cortes de Mattos Garcia, Prof MSc Paulo João Martins, Prof MSc Rogerio Antônio Casagrande}
}


